@article{Heck1,
   author = {Heck, A.},
   title = {Modelling Intake and Clearance of Alcohol in Humans},
   journal = {The Electronic Journal of Mathematics and Technology},
   year = {2007}
}

@article{Pieters,
   author = {Wedel, M., Pieters, J.E., Pikaar, N.A., Ockhuizen, Th.},
   title = {Application of a Three-Compartment Model to a Study of the Effects of Sex, Alcohol Dose and Concentration, Exercise and Food Consumption on the Pharmacokinetics of Ethanol in Healthy Volunteers},
   journal = {Alcohol & Alcoholism},
   year = {1991},
   volume = {26},
   number = {3}
}

@article{Heck2,
   author = {Heck, A.},
   title = {Getting Drunk and Sober Again},
   journal = {Journal of Immunology},
   year = {2007}
}

@online{Optimal,
  author = {Reams, R.},
  title = {A Guide to ``the Optimal Buzz"},
  url = {https://inside.trinity.edu/student-life/dean-students/alcohol/online-resources/optimal-buzz},
  urldate = {2019-03-10}
}

@online{CDC,
  author = {Centers for Disease Control and Prevention},
  title = {Data and Maps - Alcohol},
  url = {https://www.cdc.gov/alcohol/data-stats.htm},
  urldate = {2019-03-10}
}

@online{NIA,
  author = {National Institute on Alcohol Abuse and Alcoholism},
  title = {College Drinking},
  url = {https://pubs.niaaa.nih.gov/publications/CollegeFactSheet/Collegefactsheet.pdf},
  urldate = {2019-03-10}
}

@article{Seidl,
  author = {Seidl, S., Jensen, U. en Alt, A.},
  title = {The calculation of blood ethanol       concentrations in males and
    females. },
   journal = {Int J Legal Med},
   year = {2000}
}